@book{silberschatz6ed,
 author = {Abraham Silberschatz and Peter Baer Galvin and Greg Gagne},
 title = {Operating System Concepts},
 year = {2001},
 isbn = {0471417432},
 publisher = {John Wiley \& Sons, Inc.},
 address = {New York, NY, USA},
}

@book{tanenbaum2ed,
 author = {Andrew S. Tanenbaum},
 title = {Modern Operating Systems},
 year = {2001},
 isbn = {0130313580},
 publisher = {Prentice Hall PTR},
 address = {Upper Saddle River, NJ, USA},
 }